% This file was created with JabRef 2.9.2.
% Encoding: Cp1252

@ARTICLE{ball1994sticky,
  author = {Ball, Laurence and Mankiw, N Gregory},
  title = {A STICKY-PRICE MANIFESTO},
  year = {1994}
}

@ARTICLE{barro1972theory,
  author = {Barro, Robert J},
  title = {A theory of monopolistic price adjustment},
  journal = {The Review of Economic Studies},
  year = {1972},
  pages = {17--26},
  publisher = {JSTOR}
}

@ARTICLE{bils2004some,
  author = {Bils, Mark and Klenow, Peter J},
  title = {Some Evidence on the Importance of Sticky Prices},
  journal = {Journal of Political Economy},
  year = {2004},
  volume = {112},
  pages = {947--985},
  number = {5},
  publisher = {University of Chicago Press}
}

@ARTICLE{blanchard1987monopolistic,
  author = {Blanchard, Olivier Jean and Kiyotaki, Nobuhiro},
  title = {Monopolistic competition and the effects of aggregate demand},
  journal = {The American Economic Review},
  year = {1987},
  pages = {647--666},
  publisher = {JSTOR}
}

@MISC{blinder1983money,
  author = {Blinder, Alan S and Stiglitz, Joseph E},
  title = {Money, credit constraints, and economic activity},
  year = {1983},
  publisher = {National Bureau of Economic Research Cambridge, Mass., USA}
}

@MISC{bresser1968macroeconomia,
  author = {Bresser-Pereira, Luiz Carlos},
  title = {Da macroeconomia cl{\'a}ssica {\`a} keynesiana},
  year = {1968},
  publisher = {S{\~a}o Paulo}
}

@ARTICLE{bunn2012examining,
  author = {Bunn, Philip and Ellis, Colin},
  title = {Examining The Behaviour Of Individual UK Consumer Prices*},
  journal = {The Economic Journal},
  year = {2012},
  volume = {122},
  pages = {F35--F55},
  number = {558},
  publisher = {Wiley Online Library}
}

@ARTICLE{calvo1983staggered,
  author = {Calvo, Guillermo A},
  title = {Staggered prices in a utility-maximizing framework},
  journal = {Journal of monetary Economics},
  year = {1983},
  volume = {12},
  pages = {383--398},
  number = {3},
  publisher = {Elsevier}
}

@ARTICLE{carlton1986rigidity,
  author = {Carlton, Dennis W},
  title = {The Rigidity of Prices},
  journal = {The American Economic Review},
  year = {1986},
  volume = {76},
  pages = {637--658},
  number = {4}
}

@ARTICLE{cavallo2013online,
  author = {Cavallo, Alberto},
  title = {Online and official price indexes: Measuring Argentina's inflation},
  journal = {Journal of Monetary Economics},
  year = {2013},
  volume = {60},
  pages = {152--165},
  number = {2},
  publisher = {Elsevier}
}

@ARTICLE{cavallo2012scraped,
  author = {Cavallo, Alberto},
  title = {Scraped data and sticky prices},
  year = {2012},
  publisher = {MIT Sloan Research Paper}
}

@TECHREPORT{cavallo2013prices,
  author = {Cavallo, Alberto and Cavallo, Eduardo and Rigobon, Roberto},
  title = {Prices and Supply Disruptions during Natural Disasters},
  institution = {National Bureau of Economic Research},
  year = {2013}
}

@TECHREPORT{cavallo2014price,
  author = {Cavallo, Alberto and Neiman, Brent and Rigobon, Roberto},
  title = {The price impact of joining a currency union: evidence from Latvia},
  institution = {National Bureau of Economic Research},
  year = {2014}
}

@TECHREPORT{cavallo2012currency,
  author = {Cavallo, Alberto and Neiman, Brent and Rigobon, Roberto},
  title = {Currency Unions, Product Introductions, and the Real Exchange Rate},
  institution = {National Bureau of Economic Research},
  year = {2012}
}

@BOOK{cavallo2010scraped,
  title = {Scraped data and prices in macroeconomics},
  publisher = {Harvard University},
  year = {2010},
  author = {Cavallo, Alberto F}
}

@ARTICLE{coenen2007identifying,
  author = {Coenen, G{\"u}nter and Levin, Andrew T and Christoffel, Kai},
  title = {Identifying the influences of nominal and real rigidities in aggregate
	price-setting behavior},
  journal = {Journal of Monetary Economics},
  year = {2007},
  volume = {54},
  pages = {2439--2466},
  number = {8},
  publisher = {Elsevier}
}

@INCOLLECTION{colosimo2006analise,
  author = {Colosimo, Enrico Ant{\^o}nio and Giolo, Suely Ruiz},
  title = {An{\'a}lise de sobreviv{\^e}ncia aplicada},
  booktitle = {ABE-Projeto Fisher},
  publisher = {Edgard Bl{\"u}cher},
  year = {2006}
}

@ARTICLE{dathein2000crescimento,
  author = {Dathein, Ricardo},
  title = {O Crescimento do Desemprego nos Pa{\'i}ses Desenvolvidos e sua Interpreta{\c{c}}{\~a}o
	pela Teoria Econ{\^o}mica: as abordagens neocl{\'a}ssica, keynesiana
	e schumpeteriana. Campinas},
  journal = {Campinas, SP: IE. UNICAMP, 2000.(Tese de Doutoramento)},
  year = {2000}
}

@ARTICLE{dhyne2006price,
  author = {Dhyne, Emmanuel and Alvarez, Luis J and Le Bihan, Herv{\'e} and Veronese,
	Giovanni and Dias, Daniel and Hoffmann, Johannes and Jonker, Nicole
	and L{\"u}nnemann, Patrick and Rumler, Fabio and Vilmunen, Jouko},
  title = {Price changes in the euro area and the United States: Some facts
	from individual consumer price data},
  journal = {The Journal of Economic Perspectives},
  year = {2006},
  pages = {171--192},
  publisher = {JSTOR}
}

@ARTICLE{dotsey1999state,
  author = {Dotsey, Michael and King, Robert G and Wolman, Alexander L},
  title = {State-dependent pricing and the general equilibrium dynamics of money
	and output},
  journal = {Quarterly journal of Economics},
  year = {1999},
  pages = {655--690},
  publisher = {JSTOR}
}

@ARTICLE{friedman1992money,
  author = {Friedman, Benjamin M and Kuttner, Kenneth N},
  title = {Money, income, prices, and interest rates},
  journal = {The American Economic Review},
  year = {1992},
  pages = {472--492},
  publisher = {JSTOR}
}

@ARTICLE{golosov2007menu,
  author = {Golosov, Mikhail and Lucas Jr, Robert E},
  title = {Menu Costs and Phillips Curves},
  journal = {Journal of Political Economy},
  year = {2007},
  volume = {115},
  number = {2}
}

@TECHREPORT{gouvea2007nominal,
  author = {Gouvea, S},
  title = {Nominal price rigidity in Brazil: A micro evidence approach},
  institution = {Mimeo. Banco Central do Brasil},
  year = {2007}
}

@BOOK{ibgemetodos,
  title = {Sistema Nacional de {\'I}ndices de Pre{\c{c}}os ao Consumidor - M{\'e}todos
	de C{\'a}lculo},
  publisher = {Diretoria de Pesquisas - Instituto Brasileiro de Geografia e Estat{\'i}stica
	(IBGE)},
  year = {2013},
  editor = {7ª Edição},
  author = {IBGE},
  owner = {Hudson},
  timestamp = {2014.11.16}
}

@ARTICLE{klenow2008state,
  author = {Klenow, Peter J and Kryvtsov, Oleksiy},
  title = {State-Dependent or Time-Dependent Pricing: Does it Matter for Recent
	US Inflation?},
  journal = {The Quarterly Journal of Economics},
  year = {2008},
  volume = {123},
  pages = {863--904},
  number = {3},
  publisher = {Oxford University Press}
}

@PHDTHESIS{lopes2008rigidez,
  author = {Lopes, LT},
  title = {A rigidez nominal de pre{\c{c}}os na cidade de S{\~a}o Paulo: evid{\^e}ncias
	baseadas em microdados do {\'\i}ndice de pre{\c{c}}os ao consumidor
	da Fipe. 2008},
  school = {Disserta{\c{c}}{\~a}o (Mestrado)--Universidade de S{\~a}o Paulo,
	S{\~a}o Paulo},
  year = {2008}
}

@ARTICLE{lucas1972expectations,
  author = {Lucas, Robert E},
  title = {Expectations and the Neutrality of Money},
  journal = {Journal of economic theory},
  year = {1972},
  volume = {4},
  pages = {103--124},
  number = {2},
  publisher = {Elsevier}
}

@ARTICLE{mankiw1985small,
  author = {Mankiw, N Gregory},
  title = {Small menu costs and large business cycles: A macroeconomic model
	of monopoly},
  journal = {The Quarterly Journal of Economics},
  year = {1985},
  pages = {529--537},
  publisher = {JSTOR}
}

@BOOK{manning2008introduction,
  title = {Introduction to information retrieval},
  publisher = {Cambridge university press Cambridge},
  year = {2008},
  author = {Manning, Christopher D and Raghavan, Prabhakar and Sch{\"u}tze, Hinrich},
  volume = {1}
}

@ARTICLE{matos2009comportamento,
  author = {Matos, Silvia and Barros, Rebecca},
  title = {Comportamento dos pre{\c{c}}os no Brasil: evid{\^e}ncias utilizando
	microdados de pre{\c{c}}os ao consumidor},
  journal = {Pesquisa e Planejamento Econ{\^o}mico},
  year = {2009},
  volume = {39},
  number = {3}
}

@INPROCEEDINGS{mccallum1998stickiness,
  author = {McCallum, Bennett},
  title = {Stickiness: A comment},
  booktitle = {Carnegie-Rochester Conference Series on Public Policy},
  year = {1998},
  volume = {49},
  number = {1},
  pages = {357--363},
  organization = {Elsevier}
}

@ARTICLE{nakamura2008five,
  author = {Nakamura, Emi and Steinsson, J{\'o}n},
  title = {Five facts about prices: A reevaluation of menu cost models},
  journal = {The Quarterly Journal of Economics},
  year = {2008},
  volume = {123},
  pages = {1415--1464},
  number = {4},
  publisher = {Oxford University Press}
}

@ARTICLE{rotemberg1982sticky,
  author = {Rotemberg, Julio J},
  title = {Sticky prices in the United States},
  journal = {The Journal of Political Economy},
  year = {1982},
  pages = {1187--1211},
  publisher = {JSTOR}
}

@ARTICLE{sheshinski1977inflation,
  author = {Sheshinski, Eytan and Weiss, Yoram},
  title = {Inflation and costs of price adjustment},
  journal = {The Review of Economic Studies},
  year = {1977},
  pages = {287--303},
  publisher = {JSTOR}
}

@ARTICLE{stigler1970behavior,
  author = {Stigler, GJ and Kindahl, JK},
  title = {The behavior of industrial prices},
  journal = {General series/National bureau of economic research (},
  year = {1970},
  number = {90},
  publisher = {New York:[sn]}
}

@ARTICLE{taylor1980aggregate,
  author = {Taylor, John B},
  title = {Aggregate dynamics and staggered contracts},
  journal = {The Journal of Political Economy},
  year = {1980},
  pages = {1--23},
  publisher = {JSTOR}
}

@ARTICLE{varian2014big,
  author = {Varian, Hal R},
  title = {Big data: New tricks for econometrics},
  journal = {The Journal of Economic Perspectives},
  year = {2014},
  volume = {28},
  pages = {3--27},
  number = {2},
  publisher = {American Economic Association}
}


