% This file was created with JabRef 2.9.2.
% Encoding: Cp1252

@ARTICLE{bils2004some,
  author = {Bils, Mark and Klenow, Peter J},
  title = {Some Evidence on the Importance of Sticky Prices},
  journal = {Journal of Political Economy},
  year = {2004},
  volume = {112},
  pages = {947--985},
  number = {5},
  publisher = {University of Chicago Press}
}

@ARTICLE{calvo1983staggered,
  author = {Calvo, Guillermo A},
  title = {Staggered prices in a utility-maximizing framework},
  journal = {Journal of monetary Economics},
  year = {1983},
  volume = {12},
  pages = {383--398},
  number = {3},
  publisher = {Elsevier}
}

@ARTICLE{cavallo2013online,
  author = {Cavallo, Alberto},
  title = {Online and official price indexes: Measuring Argentina's inflation},
  journal = {Journal of Monetary Economics},
  year = {2013},
  volume = {60},
  pages = {152--165},
  number = {2},
  publisher = {Elsevier}
}

@ARTICLE{cavallo2012scraped,
  author = {Cavallo, Alberto},
  title = {Scraped data and sticky prices},
  year = {2012},
  publisher = {MIT Sloan Research Paper}
}

@TECHREPORT{cavallo2013prices,
  author = {Cavallo, Alberto and Cavallo, Eduardo and Rigobon, Roberto},
  title = {Prices and Supply Disruptions during Natural Disasters},
  institution = {National Bureau of Economic Research},
  year = {2013}
}

@TECHREPORT{cavallo2014price,
  author = {Cavallo, Alberto and Neiman, Brent and Rigobon, Roberto},
  title = {The price impact of joining a currency union: evidence from Latvia},
  institution = {National Bureau of Economic Research},
  year = {2014}
}

@TECHREPORT{cavallo2012currency,
  author = {Cavallo, Alberto and Neiman, Brent and Rigobon, Roberto},
  title = {Currency Unions, Product Introductions, and the Real Exchange Rate},
  institution = {National Bureau of Economic Research},
  year = {2012}
}

@BOOK{cavallo2010scraped,
  title = {Scraped data and prices in macroeconomics},
  publisher = {Harvard University},
  year = {2010},
  author = {Cavallo, Alberto F}
}

@BOOK{manning2008introduction,
  title = {Introduction to information retrieval},
  publisher = {Cambridge university press Cambridge},
  year = {2008},
  author = {Manning, Christopher D and Raghavan, Prabhakar and Sch{\"u}tze, Hinrich},
  volume = {1}
}

@ARTICLE{taylor1980aggregate,
  author = {Taylor, John B},
  title = {Aggregate dynamics and staggered contracts},
  journal = {The Journal of Political Economy},
  year = {1980},
  pages = {1--23},
  publisher = {JSTOR}
}

@ARTICLE{varian2014big,
  author = {Varian, Hal R},
  title = {Big data: New tricks for econometrics},
  journal = {The Journal of Economic Perspectives},
  year = {2014},
  volume = {28},
  pages = {3--27},
  number = {2},
  publisher = {American Economic Association}
}


