% This file was created with JabRef 2.9.2.
% Encoding: Cp1252

@ARTICLE{an2007bayesian,
  author = {An, Sungbae and Schorfheide, Frank},
  title = {Bayesian analysis of DSGE models},
  journal = {Econometric reviews},
  year = {2007},
  volume = {26},
  pages = {113--172},
  number = {2-4},
  publisher = {Taylor \& Francis}
}

@ARTICLE{aucremanne2005time,
  author = {Aucremanne, Luc and Dhyne, Emmanuel},
  title = {Time-dependent versus state-dependent pricing: a panel data approach
	to the determinants of Belgian consumer price changes},
  year = {2005},
  publisher = {ECB working paper}
}

@TECHREPORT{aucremanne2004frequently,
  author = {Aucremanne, Luc and Dhyne, Emmanuel},
  title = {How Frequently Do Prices Change?: Evidence Based on the Micro Data
	Underlying the Belgian CPI},
  institution = {European Central Bank},
  year = {2004}
}

@ARTICLE{ball1994sticky,
  author = {Ball, Laurence and Mankiw, N Gregory},
  title = {A STICKY-PRICE MANIFESTO},
  year = {1994}
}

@ARTICLE{barro1972theory,
  author = {Barro, Robert J},
  title = {A theory of monopolistic price adjustment},
  journal = {The Review of Economic Studies},
  year = {1972},
  pages = {17--26},
  publisher = {JSTOR}
}

@TECHREPORT{baudry2004price,
  author = {Baudry, Laurent and Le Bihan, Herv{\'e} and Sevestre, Patrick and
	Tarrieu, Sylvie},
  title = {Price rigidity in France--evidence from consumer price micro-data},
  institution = {ECB Working Paper},
  year = {2004}
}

@TECHREPORT{baumgartner2005frequently,
  author = {Baumgartner, Josef and Glatzer, Ernst and Rumler, Fabio and Stiglbauer,
	Alfred},
  title = {How frequently do consumer prices change in Austria?: evidence from
	micro CPI data},
  institution = {Citeseer},
  year = {2005}
}

@ARTICLE{bils2004some,
  author = {Bils, Mark and Klenow, Peter J},
  title = {Some Evidence on the Importance of Sticky Prices},
  journal = {Journal of Political Economy},
  year = {2004},
  volume = {112},
  pages = {947--985},
  number = {5},
  publisher = {University of Chicago Press}
}

@ARTICLE{blanchard1987monopolistic,
  author = {Blanchard, Olivier Jean and Kiyotaki, Nobuhiro},
  title = {Monopolistic competition and the effects of aggregate demand},
  journal = {The American Economic Review},
  year = {1987},
  pages = {647--666},
  publisher = {JSTOR}
}

@MISC{blinder1983money,
  author = {Blinder, Alan S and Stiglitz, Joseph E},
  title = {Money, credit constraints, and economic activity},
  year = {1983},
  publisher = {National Bureau of Economic Research Cambridge, Mass., USA}
}

@MISC{bresser1968macroeconomia,
  author = {Bresser-Pereira, Luiz Carlos},
  title = {Da macroeconomia cl{\'a}ssica {\`a} keynesiana},
  year = {1968},
  publisher = {S{\~a}o Paulo}
}

@ARTICLE{bunn2012examining,
  author = {Bunn, Philip and Ellis, Colin},
  title = {Examining The Behaviour Of Individual UK Consumer Prices*},
  journal = {The Economic Journal},
  year = {2012},
  volume = {122},
  pages = {F35--F55},
  number = {558},
  publisher = {Wiley Online Library}
}

@ARTICLE{calvo1983staggered,
  author = {Calvo, Guillermo A},
  title = {Staggered prices in a utility-maximizing framework},
  journal = {Journal of monetary Economics},
  year = {1983},
  volume = {12},
  pages = {383--398},
  number = {3},
  publisher = {Elsevier}
}

@TECHREPORT{campbell2005rigid,
  author = {Campbell, Jeffrey R and Eden, Benjamin},
  title = {Rigid prices: evidence from US scanner data},
  institution = {Federal Reserve Bank of Chicago},
  year = {2005}
}

@ARTICLE{caplin1987menu,
  author = {Caplin, Andrew S and Spulber, Daniel F},
  title = {MENU COSTS AND THE NEUTRALITY OF MONEY.},
  journal = {Quarterly Journal of Economics},
  year = {1987},
  volume = {102},
  number = {4}
}

@ARTICLE{carlton1986rigidity,
  author = {Carlton, Dennis W},
  title = {The Rigidity of Prices},
  journal = {The American Economic Review},
  year = {1986},
  volume = {76},
  pages = {637--658},
  number = {4}
}

@TECHREPORT{carvalho2009estimating,
  author = {Carvalho, Carlos and Dam, Niels Arne},
  title = {Estimating the cross-sectional distribution of price stickiness from
	aggregate data},
  year = {2009}
}

@ARTICLE{cavallo2013online,
  author = {Cavallo, Alberto},
  title = {Online and official price indexes: Measuring Argentina's inflation},
  journal = {Journal of Monetary Economics},
  year = {2013},
  volume = {60},
  pages = {152--165},
  number = {2},
  publisher = {Elsevier}
}

@ARTICLE{cavallo2012scraped,
  author = {Cavallo, Alberto},
  title = {Scraped data and sticky prices},
  year = {2012},
  publisher = {MIT Sloan Research Paper}
}

@TECHREPORT{cavallo2013prices,
  author = {Cavallo, Alberto and Cavallo, Eduardo and Rigobon, Roberto},
  title = {Prices and Supply Disruptions during Natural Disasters},
  institution = {National Bureau of Economic Research},
  year = {2013}
}

@TECHREPORT{cavallo2014price,
  author = {Cavallo, Alberto and Neiman, Brent and Rigobon, Roberto},
  title = {The price impact of joining a currency union: evidence from Latvia},
  institution = {National Bureau of Economic Research},
  year = {2014}
}

@TECHREPORT{cavallo2012currency,
  author = {Cavallo, Alberto and Neiman, Brent and Rigobon, Roberto},
  title = {Currency Unions, Product Introductions, and the Real Exchange Rate},
  institution = {National Bureau of Economic Research},
  year = {2012}
}

@BOOK{cavallo2010scraped,
  title = {Scraped data and prices in macroeconomics},
  publisher = {Harvard University},
  year = {2010},
  author = {Cavallo, Alberto F}
}

@ARTICLE{cecchetti1986frequency,
  author = {Cecchetti, Stephen G},
  title = {The frequency of price adjustment: A study of the newsstand prices
	of magazines},
  journal = {Journal of Econometrics},
  year = {1986},
  volume = {31},
  pages = {255--274},
  number = {3},
  publisher = {Elsevier}
}

@ARTICLE{coenen2007identifying,
  author = {Coenen, G{\"u}nter and Levin, Andrew T and Christoffel, Kai},
  title = {Identifying the influences of nominal and real rigidities in aggregate
	price-setting behavior},
  journal = {Journal of Monetary Economics},
  year = {2007},
  volume = {54},
  pages = {2439--2466},
  number = {8},
  publisher = {Elsevier}
}

@INCOLLECTION{colosimo2006analise,
  author = {Colosimo, Enrico Ant{\^o}nio and Giolo, Suely Ruiz},
  title = {An{\'a}lise de sobreviv{\^e}ncia aplicada},
  booktitle = {ABE-Projeto Fisher},
  publisher = {Edgard Bl{\"u}cher},
  year = {2006}
}

@ARTICLE{dathein2000crescimento,
  author = {Dathein, Ricardo},
  title = {O Crescimento do Desemprego nos Pa{\'i}ses Desenvolvidos e sua Interpreta{\c{c}}{\~a}o
	pela Teoria Econ{\^o}mica: as abordagens neocl{\'a}ssica, keynesiana
	e schumpeteriana. Campinas},
  journal = {Campinas, SP: IE. UNICAMP, 2000.(Tese de Doutoramento)},
  year = {2000}
}

@ARTICLE{dejong2000bayesian,
  author = {DeJong, David N and Ingram, Beth F and Whiteman, Charles H},
  title = {A Bayesian approach to dynamic macroeconomics},
  journal = {Journal of Econometrics},
  year = {2000},
  volume = {98},
  pages = {203--223},
  number = {2},
  publisher = {Elsevier}
}

@ARTICLE{dhyne2006price,
  author = {Dhyne, Emmanuel and Alvarez, Luis J and Le Bihan, Herv{\'e} and Veronese,
	Giovanni and Dias, Daniel and Hoffmann, Johannes and Jonker, Nicole
	and L{\"u}nnemann, Patrick and Rumler, Fabio and Vilmunen, Jouko},
  title = {Price changes in the euro area and the United States: Some facts
	from individual consumer price data},
  journal = {The Journal of Economic Perspectives},
  year = {2006},
  pages = {171--192},
  publisher = {JSTOR}
}

@ARTICLE{dotsey1999state,
  author = {Dotsey, Michael and King, Robert G and Wolman, Alexander L},
  title = {State-dependent pricing and the general equilibrium dynamics of money
	and output},
  journal = {Quarterly journal of Economics},
  year = {1999},
  pages = {655--690},
  publisher = {JSTOR}
}

@ARTICLE{friedman1992money,
  author = {Friedman, Benjamin M and Kuttner, Kenneth N},
  title = {Money, income, prices, and interest rates},
  journal = {The American Economic Review},
  year = {1992},
  pages = {472--492},
  publisher = {JSTOR}
}

@ARTICLE{gali1999inflation,
  author = {Gal{\i}, Jordi and Gertler, Mark},
  title = {Inflation dynamics: A structural econometric analysis},
  journal = {Journal of monetary Economics},
  year = {1999},
  volume = {44},
  pages = {195--222},
  number = {2},
  publisher = {Elsevier}
}

@ARTICLE{gali2001european,
  author = {Gal{\i}, Jordi and Gertler, Mark and Lopez-Salido, J David},
  title = {European inflation dynamics},
  journal = {European Economic Review},
  year = {2001},
  volume = {45},
  pages = {1237--1270},
  number = {7},
  publisher = {Elsevier}
}

@ARTICLE{golosov2007menu,
  author = {Golosov, Mikhail and Lucas Jr, Robert E},
  title = {Menu Costs and Phillips Curves},
  journal = {Journal of Political Economy},
  year = {2007},
  volume = {115},
  number = {2}
}

@TECHREPORT{gouvea2007nominal,
  author = {Gouvea, S},
  title = {Nominal price rigidity in Brazil: A micro evidence approach},
  institution = {Mimeo. Banco Central do Brasil},
  year = {2007}
}

@BOOK{ibgemetodos,
  title = {Sistema Nacional de {\'I}ndices de Pre{\c{c}}os ao Consumidor - M{\'e}todos
	de C{\'a}lculo},
  publisher = {Diretoria de Pesquisas - Instituto Brasileiro de Geografia e Estat{\'i}stica
	(IBGE)},
  year = {2013},
  editor = {7ª Edição},
  author = {IBGE},
  owner = {Hudson},
  timestamp = {2014.11.16}
}

@BOOK{jadresic1999sticky,
  title = {Sticky Prices-An Empirical Assessment of Alternative Models},
  publisher = {International Monetary Fund},
  year = {1999},
  author = {Jadresi{\'c}, Esteban}
}

@ARTICLE{kiley2002partial,
  author = {Kiley, Michael T},
  title = {Partial adjustment and staggered price setting},
  journal = {Journal of Money, Credit, and Banking},
  year = {2002},
  volume = {34},
  pages = {283--298},
  number = {2},
  publisher = {The Ohio State University Press}
}

@ARTICLE{klenow2008state,
  author = {Klenow, Peter J and Kryvtsov, Oleksiy},
  title = {State-Dependent or Time-Dependent Pricing: Does it Matter for Recent
	US Inflation?},
  journal = {The Quarterly Journal of Economics},
  year = {2008},
  volume = {123},
  pages = {863--904},
  number = {3},
  publisher = {Oxford University Press}
}

@PHDTHESIS{lopes2008rigidez,
  author = {Lopes, LT},
  title = {A rigidez nominal de pre{\c{c}}os na cidade de S{\~a}o Paulo: evid{\^e}ncias
	baseadas em microdados do {\'\i}ndice de pre{\c{c}}os ao consumidor
	da Fipe. 2008},
  school = {Disserta{\c{c}}{\~a}o (Mestrado)--Universidade de S{\~a}o Paulo,
	S{\~a}o Paulo},
  year = {2008}
}

@ARTICLE{lucas1972expectations,
  author = {Lucas, Robert E},
  title = {Expectations and the Neutrality of Money},
  journal = {Journal of economic theory},
  year = {1972},
  volume = {4},
  pages = {103--124},
  number = {2},
  publisher = {Elsevier}
}

@ARTICLE{lunnemann2005consumer,
  author = {Lunnemann, Patrick and Math{\"a}, Thomas Y},
  title = {Consumer price behaviour in Luxembourg: evidence from micro CPI data},
  year = {2005},
  publisher = {ECB Working Paper}
}

@ARTICLE{mankiw1985small,
  author = {Mankiw, N Gregory},
  title = {Small menu costs and large business cycles: A macroeconomic model
	of monopoly},
  journal = {The Quarterly Journal of Economics},
  year = {1985},
  pages = {529--537},
  publisher = {JSTOR}
}

@BOOK{manning2008introduction,
  title = {Introduction to information retrieval},
  publisher = {Cambridge university press Cambridge},
  year = {2008},
  author = {Manning, Christopher D and Raghavan, Prabhakar and Sch{\"u}tze, Hinrich},
  volume = {1}
}

@ARTICLE{mash2004optimising,
  author = {Mash, Richard},
  title = {Optimising Microfoundations for Inflation Persistence.},
  year = {2004},
  publisher = {Department of Economics (University of Oxford)}
}

@ARTICLE{matos2009comportamento,
  author = {Matos, Silvia and Barros, Rebecca},
  title = {Comportamento dos pre{\c{c}}os no Brasil: evid{\^e}ncias utilizando
	microdados de pre{\c{c}}os ao consumidor},
  journal = {Pesquisa e Planejamento Econ{\^o}mico},
  year = {2009},
  volume = {39},
  number = {3}
}

@INPROCEEDINGS{mccallum1998stickiness,
  author = {McCallum, Bennett},
  title = {Stickiness: A comment},
  booktitle = {Carnegie-Rochester Conference Series on Public Policy},
  year = {1998},
  volume = {49},
  number = {1},
  pages = {357--363},
  organization = {Elsevier}
}

@ARTICLE{nakamura2008five,
  author = {Nakamura, Emi and Steinsson, J{\'o}n},
  title = {Five facts about prices: A reevaluation of menu cost models},
  journal = {The Quarterly Journal of Economics},
  year = {2008},
  volume = {123},
  pages = {1415--1464},
  number = {4},
  publisher = {Oxford University Press}
}

@ARTICLE{rotemberg1982sticky,
  author = {Rotemberg, Julio J},
  title = {Sticky prices in the United States},
  journal = {The Journal of Political Economy},
  year = {1982},
  pages = {1187--1211},
  publisher = {JSTOR}
}

@ARTICLE{sargent1989two,
  author = {Sargent, Thomas J},
  title = {Two models of measurements and the investment accelerator},
  journal = {The Journal of Political Economy},
  year = {1989},
  pages = {251--287},
  publisher = {JSTOR}
}

@ARTICLE{sbordone2002prices,
  author = {Sbordone, Argia M},
  title = {Prices and unit labor costs: a new test of price stickiness},
  journal = {Journal of Monetary Economics},
  year = {2002},
  volume = {49},
  pages = {265--292},
  number = {2},
  publisher = {Elsevier}
}

@ARTICLE{schorfheide2000loss,
  author = {Schorfheide, Frank},
  title = {Loss function-based evaluation of DSGE models},
  journal = {Journal of Applied Econometrics},
  year = {2000},
  volume = {15},
  pages = {645--670},
  number = {6},
  publisher = {Wiley Online Library}
}

@ARTICLE{sheedy2007inflation,
  author = {Sheedy, Kevin D},
  title = {Inflation persistence when price stickiness differs between industries},
  year = {2007},
  publisher = {Centre for Economic Performance. London School of Economics and Political
	Science}
}

@ARTICLE{sheshinski1977inflation,
  author = {Sheshinski, Eytan and Weiss, Yoram},
  title = {Inflation and costs of price adjustment},
  journal = {The Review of Economic Studies},
  year = {1977},
  pages = {287--303},
  publisher = {JSTOR}
}

@ARTICLE{sims2002solving,
  author = {Sims, Christopher A},
  title = {Solving linear rational expectations models},
  journal = {Computational economics},
  year = {2002},
  volume = {20},
  pages = {1--20},
  number = {1},
  publisher = {Springer}
}

@ARTICLE{stigler1970behavior,
  author = {Stigler, GJ and Kindahl, JK},
  title = {The behavior of industrial prices},
  journal = {General series/National bureau of economic research (},
  year = {1970},
  number = {90},
  publisher = {New York:[sn]}
}

@ARTICLE{taylor1980aggregate,
  author = {Taylor, John B},
  title = {Aggregate dynamics and staggered contracts},
  journal = {The Journal of Political Economy},
  year = {1980},
  pages = {1--23},
  publisher = {JSTOR}
}

@ARTICLE{uhlig1998toolkit,
  author = {Uhlig, Harald},
  title = {A toolkit for analysing nonlinear dynamic stochastic models easily},
  journal = {QM\&RBC Codes},
  year = {1998},
  publisher = {Quantitative Macroeconomics \& Real Business Cycles}
}

@ARTICLE{varian2014big,
  author = {Varian, Hal R},
  title = {Big data: New tricks for econometrics},
  journal = {The Journal of Economic Perspectives},
  year = {2014},
  volume = {28},
  pages = {3--27},
  number = {2},
  publisher = {American Economic Association}
}

@ARTICLE{Wolman1999,
  author = {Wolman, Alexander L},
  title = {Sticky prices, marginal cost, and the behavior of inflation},
  journal = {Economic Quarterly-Federal Reserve Bank of Richmond},
  year = {1999},
  volume = {85},
  pages = {29--48},
  number = {4},
  publisher = {THE FEDERAL RESERVE BANK OF RICHMOND}
}

@TECHREPORT{yao2010aggregate,
  author = {Yao, Fang},
  title = {Aggregate hazard function in price-setting: A bayesian analysis using
	macro data},
  institution = {SFB 649 discussion paper},
  year = {2010}
}

@ARTICLE{yao2009cost,
  author = {Yao, Fang},
  title = {The cost of tractability and the calvo pricing assumption},
  year = {2009},
  publisher = {Humboldt-Universit{\"a}t zu Berlin, Wirtschaftswissenschaftliche
	Fakult{\"a}t}
}


